@article{bnb,
  title={Branch and bound methods},
  author={Boyd, Stephen and Mattingley, Jacob},
  journal={Notes for EE364b, Stanford University},
  volume={2006},
  pages={07},
  year={2007}
}
