@article{bnc,
  title={Branch-and-cut algorithms for combinatorial optimization problems},
  author={Mitchell, John E},
  journal={Handbook of applied optimization},
  volume={1},
  number={1},
  pages={65--77},
  year={2002},
  publisher={Oxford, UK}
}
