@article{Bre2017,
  title={A computational multi-objective optimization method to improve energy efficiency and thermal comfort in dwellings},
  author={Bre, Facundo and Fachinotti, V{\'\i}ctor D},
  journal={Energy and Buildings},
  volume={154},
  pages={283--294},
  year={2017},
  publisher={Elsevier}
}
