@book{calculo_diferencial,
  title={C{\'a}lculo diferencial e integral},
  author={Ayres, Frank and Mendelson, Elliott and Abellanas, Lorenzo},
  year={1991},
  publisher={McGraw-Hill M{\'e}xico}
}
