@inproceedings{Dantzig1951,
  title={Maximization of a linear function of variables subject to linear inequalities. in ed. tjalling c. koopmans. activity analysis of production and allocation, cowles commission monograph no. 13},
  author={Dantzig, GB},
  booktitle={Proceedings of Linear Programming Conference},
  year={1949}
}
