@misc{Dantzig,
  author       = {Hosch, William L.},
  title        = {George Dantzig},
  howpublished = {Encyclopedia Britannica},
  year         = {2025},
  month        = {May},
  day          = {9},
  url          = {https://www.britannica.com/biography/George-Dantzig},
  note         = {Accessed: 2025-08-17}
}