@article{delaunay,
  title={Contribuci{\'o}n al m{\'e}todo de interpolaci{\'o}n lineal con triangulaci{\'o}n de Delaunay},
  author={Lobaina, Ar{\'\i}stides Alejandro Legr{\'a} and Beat{\'o}n, Dulce Mar{\'\i}a Atanes and Fuentes, Carlos Guilarte},
  journal={Miner{\'\i}a y Geolog{\'\i}a},
  volume={30},
  number={2},
  pages={58--72},
  year={2014},
  publisher={Universidad de Moa Dr. Antonio N{\'u}{\~n}ez Jim{\'e}nez}
}
