@inproceedings{grasp_1,
  title={A GRASP algorithm for the connected facility location problem},
  author={Tomazic, Alessandro and Ljubic, Ivana},
  booktitle={2008 International Symposium on Applications and the Internet},
  pages={257--260},
  year={2008},
  organization={IEEE}
}
