@article{grasp_3,
  title={Applying GRASP to solve the multi-item three-echelon uncapacitated facility location problem},
  author={Montoya-Torres, Jairo Rafael and Aponte, Andres and Rosas, Paula},
  journal={Journal of the Operational Research Society},
  volume={62},
  number={2},
  pages={397--406},
  year={2011},
  publisher={Taylor \& Francis}
}
