@article{grasp_2,
  title={A new grasp algorithm for the k-center problem},
  author={Garcia-Diaz, Jesus and Sanchez-Hernandez, Jairo and Menchaca-Mendez, Rolando and Menchaca-Mendez, Ricardo},
  journal={Encuentro Nacional de Computaci{\'o}n, ENC},
  year={2014}
}
