@Article{GRASP,
author="Feo, Thomas A.
and Resende, Mauricio G. C.",
title="Greedy randomized adaptive search procedures",
journal="Journal of Global Optimization",
year="1995",
month="Jun",
day="01",
volume="6",
number="2",
pages="109--133",
issn="1573-2916",
doi="10.1007/BF01096763",
url="https://doi.org/10.1007/BF01096763"
}