@inproceedings{hyperparameters,
  title={Using metaheuristics for hyper-parameter optimization of convolutional neural networks},
  author={Bibaeva, Victoria},
  booktitle={2018 IEEE 28Th international workshop on machine learning for signal processing (MLSP)},
  pages={1--6},
  year={2018},
  organization={IEEE}
}
