@book{int_programing,
  title={Integer programming},
  author={Wolsey, Laurence A},
  year={2020},
  publisher={John Wiley \& Sons}
}
