@article{intro_reforzado,
  title={Reinforcement learning: An introduction. by richardâ€™s sutton},
  author={Barto, Andrew G},
  journal={SIAM Rev},
  volume={6},
  number={2},
  pages={423},
  year={2021},
  publisher={SIAM}
}
