@incollection{k-means,
  title={K-means clustering},
  author={Jin, Xin and Han, Jiawei},
  booktitle={Encyclopedia of machine learning and data mining},
  pages={695--697},
  year={2017},
  publisher={Springer}
}
