@misc{Leibniz,
  author    = {O'Connor, J. J. and Robertson, E. F.},
  title     = {Gottfried Wilhelm von Leibniz},
  howpublished = {MacTutor History of Mathematics Archive, University of St Andrews},
  year      = {1997},
  url       = {https://mathshistory.st-andrews.ac.uk/Biographies/Leibniz/}
}