@article{MAB,
  title={Introduction to multi-armed bandits},
  author={Slivkins, Aleksandrs and others},
  journal={Foundations and Trends{\textregistered} in Machine Learning},
  volume={12},
  number={1-2},
  pages={1--286},
  year={2019},
  publisher={Now Publishers, Inc.}
}
