@inproceedings{np_hard,
  title={The multiobjective shortest path problem is NP-hard, or is it?},
  author={B{\"o}kler, Fritz},
  booktitle={International Conference on Evolutionary Multi-Criterion Optimization},
  pages={77--87},
  year={2017},
  organization={Springer}
}
