@book{Numerical_optimization_nocedal_wright,
  title={Numerical optimization},
  author={Nocedal, Jorge and Wright, Stephen J},
  year={2006},
  publisher={Springer}
}
