@article{oscillation,
  author    = {Glover, Fred and Hao, Jin-Kao},
  title     = {Strategic oscillation},
  journal   = {Annals of Operations Research},
  year      = {2011},
  month     = {Mar},
  volume    = {183},
  number    = {1},
  pages     = {163--173},
  issn      = {1572-9338},
  doi       = {10.1007/s10479-009-0597-1},
  url       = {https://doi.org/10.1007/s10479-009-0597-1}
}