@article{AlphaGo,
  author = {Silver, D. and Huang, A. and Maddison, C. J. and Guez, A. and Sifre, L. and Van Den Driessche, G. and Schrittwieser, J. and Antonoglou, I. and Panneershelvam, V. and Lanctot, M. and others},
  title = {Mastering the game of Go with deep neural networks and tree search},
  journal = {Nature},
  volume = {529},
  number = {7587},
  pages = {484--489},
  year = {2016},
  publisher = {Nature Publishing Group}
}

@article{bnb,
  author = {Boyd, S. and Mattingley, J.},
  title = {Branch and bound methods},
  journal = {Notes for EE364b, Stanford University},
  volume = {2006},
  pages = {07},
  year = {2007}
}

@article{bnc,
  author = {Mitchell, J. E.},
  title = {Branch-and-cut algorithms for combinatorial optimization problems},
  journal = {Handbook of Applied Optimization},
  volume = {1},
  number = {1},
  pages = {65--77},
  year = {2002},
  publisher = {Oxford, UK}
}

@article{Bre2017,
  author = {Bre, F. and Fachinotti, V. D.},
  title = {A computational multi-objective optimization method to improve energy efficiency and thermal comfort in dwellings},
  journal = {Energy and Buildings},
  volume = {154},
  pages = {283--294},
  year = {2017},
  publisher = {Elsevier}
}

@book{calculo_diferencial,
  author = {Ayres, F. and Mendelson, E. and Abellanas, L.},
  title = {Cálculo diferencial e integral},
  year = {1991},
  publisher = {McGraw-Hill México}
}

@misc{Dantzig,
  author = {Hosch, W. L.},
  title = {George Dantzig},
  howpublished = {Encyclopedia Britannica},
  year = {2025},
  month = {May},
  day = {9}}

@inproceedings{Dantzig1951,
  author = {Dantzig, G. B.},
  title = {Maximization of a linear function of variables subject to linear inequalities. In ed. Tjalling C. Koopmans. Activity Analysis of Production and Allocation, Cowles Commission Monograph No. 13},
  booktitle = {Proceedings of Linear Programming Conference},
  year = {1949}
}

@article{delaunay,
  author = {Lobaina, A. A. L. and Beatón, D. M. A. and Fuentes, C. G.},
  title = {Contribución al método de interpolación lineal con triangulación de Delaunay},
  journal = {Minería y Geología},
  volume = {30},
  number = {2},
  pages = {58--72},
  year = {2014},
  publisher = {Universidad de Moa Dr. Antonio Núñez Jiménez}
}

@inproceedings{grasp_1,
  author = {Tomazic, A. and Ljubic, I.},
  title = {A GRASP algorithm for the connected facility location problem},
  booktitle = {2008 International Symposium on Applications and the Internet},
  pages = {257--260},
  year = {2008},
  organization = {IEEE}
}

@article{grasp_2,
  author = {Garcia-Diaz, J. and Sanchez-Hernandez, J. and Menchaca-Mendez, R. and Menchaca-Mendez, R.},
  title = {A new grasp algorithm for the k-center problem},
  journal = {Encuentro Nacional de Computación, ENC},
  year = {2014}
}

@article{grasp_3,
  author = {Montoya-Torres, J. R. and Aponte, A. and Rosas, P.},
  title = {Applying GRASP to solve the multi-item three-echelon uncapacitated facility location problem},
  journal = {Journal of the Operational Research Society},
  volume = {62},
  number = {2},
  pages = {397--406},
  year = {2011},
  publisher = {Taylor \& Francis}
}

@article{GRASP,
  author = {Feo, T. A. and Resende, M. G. C.},
  title = {Greedy randomized adaptive search procedures},
  journal = {Journal of Global Optimization},
  volume = {6},
  number = {2},
  pages = {109--133},
  year = {1995},
  month = {Jun},
  day = {01}
}

@inproceedings{hyperparameters,
  author = {Bibaeva, V.},
  title = {Using metaheuristics for hyper-parameter optimization of convolutional neural networks},
  booktitle = {2018 IEEE 28th International Workshop on Machine Learning for Signal Processing (MLSP)},
  pages = {1--6},
  year = {2018},
  organization = {IEEE}
}

@book{int_programing,
  author = {Wolsey, L. A.},
  title = {Integer programming},
  year = {2020},
  publisher = {John Wiley \& Sons}
}

@article{intro_reforzado,
  author = {Barto, A. G.},
  title = {Reinforcement learning: An introduction},
  journal = {SIAM Review},
  volume = {63},
  number = {2},
  pages = {423},
  year = {2021}
}

@article{k-balanced_1,
  author = {Davoodi, M.},
  title = {k-Balanced center location problem: A new multi-objective facility location problem},
  journal = {Computers \& Operations Research},
  volume = {105},
  pages = {68--84},
  year = {2019}}

@article{k-Balanced_2,
  author = {Sánchez-Oro, J. and López-Sánchez, A. D. and Martínez-Gavara, A. and Hernández-Díaz, A. G. and Duarte, A.},
  title = {A hybrid strategic oscillation with path relinking algorithm for the multiobjective k-Balanced center location problem},
  journal = {Mathematics},
  volume = {9},
  number = {8},
  year = {2021}}

@incollection{k-means,
  author = {Jin, X. and Han, J.},
  title = {K-means clustering},
  booktitle = {Encyclopedia of machine learning and data mining},
  pages = {695--697},
  year = {2017},
  publisher = {Springer}
}

@misc{Leibniz,
  author = {O'Connor, J. J. and Robertson, E. F.},
  title = {Gottfried Wilhelm von Leibniz},
  howpublished = {MacTutor History of Mathematics Archive, University of St Andrews},
  year = {1997}}

@article{MAB,
  author = {Slivkins, A.},
  title = {Introduction to multi-armed bandits},
  journal = {Foundations and Trends in Machine Learning},
  volume = {12},
  number = {1-2},
  pages = {1--286},
  year = {2019}
}

@article{metaheuristicos,
  author = {Martí, R. and Sevaux, M. and Sörensen, K.},
  title = {Fifty years of metaheuristics},
  journal = {European Journal of Operational Research},
  volume = {321},
  number = {2},
  pages = {345--362},
  year = {2025}}

@inproceedings{np_hard,
  author = {Bökler, F.},
  title = {The multiobjective shortest path problem is NP-hard, or is it?},
  booktitle = {International Conference on Evolutionary Multi-Criterion Optimization},
  pages = {77--87},
  year = {2017},
  organization = {Springer}
}

@article{NSGA-II,
  author = {Deb, K. and Pratap, A. and Agarwal, S. and Meyarivan, T. A. M. T.},
  title = {A fast and elitist multiobjective genetic algorithm: NSGA-II},
  journal = {IEEE Transactions on Evolutionary Computation},
  volume = {6},
  number = {2},
  pages = {182--197},
  year = {2002}
}

@book{Numerical_optimization_nocedal_wright,
  author = {Nocedal, J. and Wright, S. J.},
  title = {Numerical optimization},
  year = {2006},
  publisher = {Springer}
}

@article{oscillation,
  author = {Glover, F. and Hao, J.-K.},
  title = {Strategic oscillation},
  journal = {Annals of Operations Research},
  volume = {183},
  number = {1},
  pages = {163--173},
  year = {2011}}

@incollection{path_relinking,
  author = {Resende, M. G. C. and Ribeiro, C. C. and Glover, F. and Martí, R.},
  title = {Scatter search and path-relinking: Fundamentals, advances, and applications},
  booktitle = {Handbook of Metaheuristics},
  pages = {87--107},
  year = {2010},
  publisher = {Springer US},
  address = {Boston, MA}}
